@article{gammafilter,
  title={The Gamma Filter-A New Class of Adaptive IIR
Filters with Restricted Feedback},
  author={J.C. Principe, B. de Vries, P.G. de Oliviera},
  year={1993},
  journal={IEEE Transactions on Signal Processing},
  volume={Volume 4}
}

@article{grassmannian,
  title={Grassmannian},
  author={Barile, Margherita; Rowland, Todd; and Weisstein, Eric W.},
  journal={From MathWorld--A Wolfram Web Resource.},
  url={http://mathworld.wolfram.com/Grassmannian.html}
 }